@INPROCEEDINGS{ lin:new,
AUTHOR = "Dekang Lin and Kenneth Ward Church and Heng Ji and Satoshi Sekine and David Yarowsky and Shane Bergsma and Kailash Patil and Emily Pitler and Rachel Lathbury and Vikram Rao and Kapil Dalwani and Sushant Narsale",
TITLE = "New Tools for Web-Scale N-grams",
BOOKTITLE = "LREC'10",
PAGES = {-1--1},
YEAR = {2010}, 
}