@INPROCEEDINGS{ sekine:ngram,
AUTHOR = "Satoshi Sekine and Kapil Dalwani",
TITLE = "Ngram Search Engine with Patterns Combining Token, POS, Chunk and NE Information",
BOOKTITLE = "LREC'10",
PAGES = {-1--1},
YEAR = {2010}, 
}