@incollection{
year={2010},
isbn={978-3-642-13061-8},
booktitle={Advances in Intelligent Data Analysis IX},
volume={6065},
series={Lecture Notes in Computer Science},
editor={Cohen, PaulR. and Adams, NiallM. and Berthold, MichaelR.},
doi={10.1007/978-3-642-13062-5_5},
title={Recursive Sequence Mining to Discover Named Entity Relations},
url={http://dx.doi.org/10.1007/978-3-642-13062-5_5},
publisher={Springer Berlin Heidelberg},
keywords={Sequential Data; Recursive Mining; Named Entity Relations; Pattern Discovery; Natural Language Processing},
author={Cellier, Peggy and Charnois, Thierry and Plantevit, Marc and Cr√©milleux, Bruno},
pages={30-41}
}
