@incollection{
year={2005},
isbn={978-3-540-29230-2},
booktitle={Discovery Science},
volume={3735},
series={Lecture Notes in Computer Science},
editor={Hoffmann, Achim and Motoda, Hiroshi and Scheffer, Tobias},
doi={10.1007/11563983_7},
title={Named Entity Recognition for the Indonesian Language: Combining Contextual, Morphological and Part-of-Speech Features into a Knowledge Engineering Approach},
url={http://dx.doi.org/10.1007/11563983_7},
publisher={Springer Berlin Heidelberg},
author={Budi, Indra and Bressan, St√©phane and Wahyudi, Gatot and Hasibuan, ZainalA. and Nazief, BobbyA.A.},
pages={57-69}
}
