@incollection{
year={2012},
isbn={978-1-4614-3222-7},
booktitle={Mining Text Data},
editor={Aggarwal, Charu C. and Zhai, ChengXiang},
doi={10.1007/978-1-4614-3223-4_6},
title={A Survey of Text Classification Algorithms},
url={http://dx.doi.org/10.1007/978-1-4614-3223-4_6},
publisher={Springer US},
keywords={Text Classification},
author={Aggarwal, CharuC. and Zhai, ChengXiang},
pages={163-222},
language={English}
}
