
@book{MAN_ALEPH000529971,
author = "Ronen Feldman",
title = "The text mining handbook : advanced approaches in analyzing unstructured data",
year = "2007",
publisher = "Cambridge [u.a.] : Cambridge Univ. Pr.",
address = "Cambridge [u.a.]",
edition = "1. publ.",
}
